<?xml version="1.0" encoding="UTF-8"?><record xmlns="http://www.loc.gov/MARC21/slim" xmlns:cinclude="http://apache.org/cocoon/include/1.0" xmlns:zs="http://www.loc.gov/zing/srw/">
  <leader>00373cz  a2200133n  4500</leader>
  <controlfield tag="001">n 2006038440</controlfield>
  <controlfield tag="003">DLC</controlfield>
  <controlfield tag="005">20060524130238.0</controlfield>
  <controlfield tag="008">060515n| acannaabn          |n aaa      </controlfield>
  <datafield tag="010" ind1=" " ind2=" ">
    <subfield code="a">n 2006038440</subfield>
  </datafield>
  <datafield tag="040" ind1=" " ind2=" ">
    <subfield code="a">DLC</subfield>
    <subfield code="b">eng</subfield>
    <subfield code="c">DLC</subfield>
  </datafield>
  <datafield tag="053" ind1=" " ind2="0">
    <subfield code="a">PT2713.E88</subfield>
  </datafield>
  <datafield tag="100" ind1="1" ind2=" ">
    <subfield code="a">Mettler, Michel,</subfield>
    <subfield code="d">1966-</subfield>
  </datafield>
  <datafield tag="670" ind1=" " ind2=" ">
    <subfield code="a">Mettler, Michel. Die Spange, 2006:</subfield>
    <subfield code="b">t.p. (Michel Mettler) jkt. (b. 1966 in Aarau)</subfield>
  </datafield>
</record>